@inproceedings{zoph2018learning,
  title={Learning transferable architectures for scalable image recognition},
  author={Zoph, Barret and Vasudevan, Vijay and Shlens, Jonathon and Le, Quoc V},
  booktitle={Proceedings of the IEEE conference on computer vision and pattern recognition},
  pages={8697--8710},
  year={2018}
}

@inproceedings{rasmussen2003gaussian,
  title={Gaussian processes in machine learning},
  author={Rasmussen, Carl Edward},
  booktitle={Summer School on Machine Learning},
  pages={63--71},
  year={2003},
  organization={Springer}
}

@article{radosavovic2020designing,
  title={Designing Network Design Spaces},
  author={Radosavovic, Ilija and Kosaraju, Raj Prateek and Girshick, Ross and He, Kaiming and Doll{\'a}r, Piotr},
  journal={arXiv preprint arXiv:2003.13678},
  year={2020}
}

@article{zhang2020resnest,
title={ResNeSt: Split-Attention Networks},
author={Zhang, Hang and Wu, Chongruo and Zhang, Zhongyue and Zhu, Yi and Zhang, Zhi and Lin, Haibin and Sun, Yue and He, Tong and Muller, Jonas and Manmatha, R. and Li, Mu and Smola, Alexander},
journal={arXiv preprint arXiv:2004.08955},
year={2020}
}

@inproceedings{radosavovic2019network,
  title={On network design spaces for visual recognition},
  author={Radosavovic, Ilija and Johnson, Justin and Xie, Saining and Lo, Wan-Yen and Doll{\'a}r, Piotr},
  booktitle={Proceedings of the IEEE International Conference on Computer Vision},
  pages={1882--1890},
  year={2019}
}

@inproceedings{singh2018sniper,
  title={SNIPER: Efficient multi-scale training},
  author={Singh, Bharat and Najibi, Mahyar and Davis, Larry S},
  booktitle={Advances in neural information processing systems},
  pages={9310--9320},
  year={2018}
}

@inproceedings{li2019scale,
  title={Scale-aware trident networks for object detection},
  author={Li, Yanghao and Chen, Yuntao and Wang, Naiyan and Zhang, Zhaoxiang},
  booktitle={Proceedings of the IEEE International Conference on Computer Vision},
  pages={6054--6063},
  year={2019}
}

@inproceedings{lin2017feature,
  title={Feature pyramid networks for object detection},
  author={Lin, Tsung-Yi and Doll{\'a}r, Piotr and Girshick, Ross and He, Kaiming and Hariharan, Bharath and Belongie, Serge},
  booktitle={Proceedings of the IEEE conference on computer vision and pattern recognition},
  pages={2117--2125},
  year={2017}
}

@article{gluoncvnlp2020,
  author  = {Jian Guo and He He and Tong He and Leonard Lausen and Mu Li and Haibin Lin and Xingjian Shi and Chenguang Wang and Junyuan Xie and Sheng Zha and Aston Zhang and Hang Zhang and Zhi Zhang and Zhongyue Zhang and Shuai Zheng and Yi Zhu},
  title   = {GluonCV and GluonNLP: Deep Learning in Computer Vision and Natural Language Processing},
  journal = {Journal of Machine Learning Research},
  year    = {2020},
  volume  = {21},
  number  = {23},
  pages   = {1-7},
  url     = {http://jmlr.org/papers/v21/19-429.html}
}

@misc{wu2019detectron2,
  author =       {Yuxin Wu and Alexander Kirillov and Francisco Massa and
                  Wan-Yen Lo and Ross Girshick},
  title =        {Detectron2},
  howpublished = {\url{https://github.com/facebookresearch/detectron2}},
  year =         {2019}
}

@inproceedings{lin2014microsoft,
  title={Microsoft coco: Common objects in context},
  author={Lin, Tsung-Yi and Maire, Michael and Belongie, Serge and Hays, James and Perona, Pietro and Ramanan, Deva and Doll{\'a}r, Piotr and Zitnick, C Lawrence},
  booktitle={European conference on computer vision},
  pages={740--755},
  year={2014},
  organization={Springer}
}

@inproceedings{chen2019hybrid,
  title={Hybrid task cascade for instance segmentation},
  author={Chen, Kai and Pang, Jiangmiao and Wang, Jiaqi and Xiong, Yu and Li, Xiaoxiao and Sun, Shuyang and Feng, Wansen and Liu, Ziwei and Shi, Jianping and Ouyang, Wanli and others},
  booktitle={Proceedings of the IEEE conference on computer vision and pattern recognition},
  pages={4974--4983},
  year={2019}
}

@article{cai2019cascade,
  title={Cascade r-cnn: High quality object detection and instance segmentation},
  author={Cai, Zhaowei and Vasconcelos, Nuno},
  journal={IEEE Transactions on Pattern Analysis and Machine Intelligence},
  year={2019},
  publisher={IEEE}
}

@article{redmon2018yolov3,
  title={Yolov3: An incremental improvement},
  author={Redmon, Joseph and Farhadi, Ali},
  journal={arXiv preprint arXiv:1804.02767},
  year={2018}
}

@inproceedings{dai2017deformable,
  title={Deformable convolutional networks},
  author={Dai, Jifeng and Qi, Haozhi and Xiong, Yuwen and Li, Yi and Zhang, Guodong and Hu, Han and Wei, Yichen},
  booktitle={Proceedings of the IEEE international conference on computer vision},
  pages={764--773},
  year={2017}
}

@inproceedings{zhu2019deformable,
  title={Deformable convnets v2: More deformable, better results},
  author={Zhu, Xizhou and Hu, Han and Lin, Stephen and Dai, Jifeng},
  booktitle={Proceedings of the IEEE Conference on Computer Vision and Pattern Recognition},
  pages={9308--9316},
  year={2019}
}

@article{mmdetection,
  title   = {{MMDetection}: Open MMLab Detection Toolbox and Benchmark},
  author  = {Chen, Kai and Wang, Jiaqi and Pang, Jiangmiao and Cao, Yuhang and
             Xiong, Yu and Li, Xiaoxiao and Sun, Shuyang and Feng, Wansen and
             Liu, Ziwei and Xu, Jiarui and Zhang, Zheng and Cheng, Dazhi and
             Zhu, Chenchen and Cheng, Tianheng and Zhao, Qijie and Li, Buyu and
             Lu, Xin and Zhu, Rui and Wu, Yue and Dai, Jifeng and Wang, Jingdong
             and Shi, Jianping and Ouyang, Wanli and Loy, Chen Change and Lin, Dahua},
  journal= {arXiv preprint arXiv:1906.07155},
  year={2019}
}

@InProceedings{Zhang_2018_CVPR,
author = {Zhang, Hang and Dana, Kristin and Shi, Jianping and Zhang, Zhongyue and Wang, Xiaogang and Tyagi, Ambrish and Agrawal, Amit},
title = {Context Encoding for Semantic Segmentation},
booktitle = {The IEEE Conference on Computer Vision and Pattern Recognition (CVPR)},
month = {June},
year = {2018}
}

@InProceedings{Zhang_2017_CVPR,
author = {Zhang, Hang and Xue, Jia and Dana, Kristin},
title = {Deep TEN: Texture Encoding Network},
booktitle = {The IEEE Conference on Computer Vision and Pattern Recognition (CVPR)},
month = {July},
year = {2017}
}

@article{chen2018encoder,
  title={Encoder-decoder with atrous separable convolution for semantic image segmentation},
  author={Chen, Liang-Chieh and Zhu, Yukun and Papandreou, George and Schroff, Florian and Adam, Hartwig},
  journal={arXiv preprint arXiv:1802.02611},
  year={2018}
}

@inproceedings{lin2018multi,
  title={Multi-Scale Context Intertwining for Semantic Segmentation},
  author={Lin, Di and Ji, Yuanfeng and Lischinski, Dani and Cohen-Or, Daniel and Huang, Hui},
  booktitle={Proceedings of the European Conference on Computer Vision (ECCV)},
  pages={603--619},
  year={2018}
}

@inproceedings{wang2018understanding,
  title={Understanding convolution for semantic segmentation},
  author={Wang, Panqu and Chen, Pengfei and Yuan, Ye and Liu, Ding and Huang, Zehua and Hou, Xiaodi and Cottrell, Garrison},
  booktitle={2018 IEEE Winter Conference on Applications of Computer Vision (WACV)},
  pages={1451--1460},
  year={2018},
  organization={IEEE}
}

@inproceedings{peng2017large,
  title={Large kernel mattersâ€”improve semantic segmentation by global convolutional network},
  author={Peng, Chao and Zhang, Xiangyu and Yu, Gang and Luo, Guiming and Sun, Jian},
  booktitle={Computer Vision and Pattern Recognition (CVPR), 2017 IEEE Conference on},
  pages={1743--1751},
  year={2017},
  organization={IEEE}
}

@inproceedings{yang2018denseaspp,
  title={DenseASPP for Semantic Segmentation in Street Scenes},
  author={Yang, Maoke and Yu, Kun and Zhang, Chi and Li, Zhiwei and Yang, Kuiyuan},
  booktitle={Proceedings of the IEEE Conference on Computer Vision and Pattern Recognition},
  pages={3684--3692},
  year={2018}
}

@inproceedings{yu2018bisenet,
	title={BiSeNet: Bilateral Segmentation Network for Real-time Semantic Segmentation},
	author={Yu, Changqian and Wang, Jingbo and Peng, Chao and Gao, Changxin and Yu, Gang and Sang, Nong},
	booktitle={European Conference on Computer Vision},
	year={2018},
}

@article{gao2019res2net,
  title={Res2net: A new multi-scale backbone architecture},
  author={Gao, Shanghua and Cheng, Ming-Ming and Zhao, Kai and Zhang, Xin-Yu and Yang, Ming-Hsuan and Torr, Philip HS},
  journal={IEEE transactions on pattern analysis and machine intelligence},
  year={2019},
  publisher={IEEE}
}

@inproceedings{hu2018squeeze,
  title={Squeeze-and-excitation networks},
  author={Hu, Jie and Shen, Li and Sun, Gang},
  booktitle={Proceedings of the IEEE conference on computer vision and pattern recognition},
  pages={7132--7141},
  year={2018}
}

@inproceedings{xie2017aggregated,
  title={Aggregated residual transformations for deep neural networks},
  author={Xie, Saining and Girshick, Ross and Doll{\'a}r, Piotr and Tu, Zhuowen and He, Kaiming},
  booktitle={Proceedings of the IEEE conference on computer vision and pattern recognition},
  pages={1492--1500},
  year={2017}
}

@inproceedings{cordts2016cityscapes,
  title={The cityscapes dataset for semantic urban scene understanding},
  author={Cordts, Marius and Omran, Mohamed and Ramos, Sebastian and Rehfeld, Timo and Enzweiler, Markus and Benenson, Rodrigo and Franke, Uwe and Roth, Stefan and Schiele, Bernt},
  booktitle={Proceedings of the IEEE conference on computer vision and pattern recognition},
  pages={3213--3223},
  year={2016}
}

@inproceedings{vaswani2017attention,
  title={Attention is all you need},
  author={Vaswani, Ashish and Shazeer, Noam and Parmar, Niki and Uszkoreit, Jakob and Jones, Llion and Gomez, Aidan N and Kaiser, {\L}ukasz and Polosukhin, Illia},
  booktitle={Advances in Neural Information Processing Systems},
  pages={5998--6008},
  year={2017}
}

@InProceedings{Wang_2018_CVPR,
author = {Wang, Xiaolong and Girshick, Ross and Gupta, Abhinav and He, Kaiming},
title = {Non-Local Neural Networks},
booktitle = {The IEEE Conference on Computer Vision and Pattern Recognition (CVPR)},
month = {June},
year = {2018}
}

@article{fu2018dual,
  title={Dual Attention Network for Scene Segmentation},
  author={Fu, Jun and Liu, Jing and Tian, Haijie and Fang, Zhiwei and Lu, Hanqing},
  journal={arXiv preprint arXiv:1809.02983},
  year={2018}
}

@InProceedings{zhang17,
author = {Zhang, Hang and Xue, Jia and Dana, Kristin},
title = {Deep TEN: Texture Encoding Network},
booktitle = {The IEEE Conference on Computer Vision and Pattern Recognition (CVPR)},
month = {July},
year = {2017}
}

@article{zhang2017multistyle,
	title={Multi-style Generative Network for Real-time Transfer},
	author={Zhang, Hang and Dana, Kristin},
	journal={arXiv preprint arXiv:1703.06953},
	year={2017}
}

@article{OCNet,
  title={OCNet: Object Context Network for Scene Parsing},
  author={Yuhui Yuan, Jingdong Wang},
  journal={arXiv preprint arXiv:1809.00916},
  year={2018}
}

@article{jia2018psanet,
  title={Psanet: Point-wise spatial attention network for scene parsing},
  author={Jia, Jiaya},
  year={2018}
}

@article{lecun1998gradient,
  title={Gradient-based learning applied to document recognition},
  author={LeCun, Yann and Bottou, L{\'e}on and Bengio, Yoshua and Haffner, Patrick},
  journal={Proceedings of the IEEE},
  volume={86},
  number={11},
  pages={2278--2324},
  year={1998},
  publisher={IEEE}
}

@inproceedings{ioffe2015batch,
  title={Batch normalization: Accelerating deep network training by reducing internal covariate shift},
  author={Ioffe, Sergey and Szegedy, Christian},
  booktitle={International Conference on Machine Learning},
  pages={448--456},
  year={2015}
}

@article{huang2016densely,
  title={Densely connected convolutional networks},
  author={Huang, Gao and Liu, Zhuang and Weinberger, Kilian Q and van der Maaten, Laurens},
  journal={arXiv preprint arXiv:1608.06993},
  year={2016}
}

@article{yu2015multi,
  title={Multi-scale context aggregation by dilated convolutions},
  author={Yu, Fisher and Koltun, Vladlen},
  journal={arXiv preprint arXiv:1511.07122},
  year={2015}
}

@article{yu2017dilated,
  title={Dilated residual networks},
  author={Yu, Fisher and Koltun, Vladlen and Funkhouser, Thomas},
  journal={arXiv preprint arXiv:1705.09914},
  year={2017}
}

@inproceedings{ke2018adaptive,
  title={Adaptive Affinity Fields for Semantic Segmentation},
  author={Ke, Tsung-Wei and Hwang, Jyh-Jing and Liu, Ziwei and Yu, Stella X},
  booktitle={Proceedings of the European Conference on Computer Vision (ECCV)},
  pages={587--602},
  year={2018}
}

@article{hwang2018adversarial,
  title={Adversarial structure matching loss for image segmentation},
  author={Hwang, Jyh-Jing and Ke, Tsung-Wei and Shi, Jianbo and Yu, Stella X},
  journal={arXiv preprint arXiv:1805.07457},
  year={2018}
}

@inproceedings{zhao2016pyramid,
  author = {Hengshuang Zhao and
            Jianping Shi and
            Xiaojuan Qi and
            Xiaogang Wang and
            Jiaya Jia},
  title = {Pyramid Scene Parsing Network},
  booktitle = {Proceedings of IEEE Conference on Computer Vision and Pattern Recognition (CVPR)},
  year = {2017}
}
@article{chen2016Deeplab,
  title={DeepLab: Semantic Image Segmentation with Deep Convolutional Nets, Atrous Convolution, and Fully Connected CRFs},
  author={Liang-Chieh Chen and George Papandreou and Iasonas Kokkinos and Kevin Murphy and Alan L Yuille},
  journal={arXiv:1606.00915},
  year={2016}
}

@inproceedings{chen2014semantic,
  title={Semantic Image Segmentation with Deep Convolutional Nets and Fully Connected CRFs},
  author={Liang-Chieh Chen and George Papandreou and Iasonas Kokkinos and Kevin Murphy and Alan L Yuille},
  booktitle={ICLR},
  year={2015}
}

@inproceedings{netvlad16,
  title={NetVLAD: CNN architecture for weakly supervised place recognition},
  author={Arandjelovic, Relja and Gronat, Petr and Torii, Akihiko and Pajdla, Tomas and Sivic, Josef},
  booktitle={Proceedings of the IEEE Conference on Computer Vision and Pattern Recognition},
  pages={5297--5307},
  year={2016}
}

@article{chen2017rethinking,
  title={Rethinking atrous convolution for semantic image segmentation},
  author={Chen, Liang-Chieh and Papandreou, George and Schroff, Florian and Adam, Hartwig},
  journal={arXiv preprint arXiv:1706.05587},
  year={2017}
}

@string{iccv="International Conference on Computer Vision"}
@string{eccv="European Conference on Computer Vision"}
@string{cvpr="IEEE  Conference on Computer Vision and Pattern Recognition"}
@string{ijcv="International Journal of Computer Vision"}
@string{pami="IEEE Transactions on Pattern Analysis and Machine Intelligence"}
@string{its="IEEE Transactions on Intelligent Transportation Systems"}
@string{josaa="Journal of the Optical Society of America A"}
@string{nips = "Advances in Neural Information Processing Systems (NIPS)"},

@article{zhang15,
  title={Reflectance Hashing for Material Recognition},
  author={Zhang, Hang and Dana, Kristin and Nishino, Ko},
  journal={IEEE Conference on Computer Vision and Pattern Recognition (CVPR)},
  pages={3071--3080},
  year={2015}
}

@inproceedings{zhang16,
     Author = {Hang Zhang and Kristin Dana and Ko Nishino},
     Title = {Friction from Reflectance: Deep Reflectance Codes for Predicting Physical Surface Properties from One-Shot In-Field Reflectance},
     Booktitle = {Proceedings of the European Conference on Computer Vision (ECCV)},
     Year = {2016}
 }

@article{cimpoi16,
  title={Deep filter banks for texture recognition, description, and segmentation},
  author={Cimpoi, Mircea and Maji, Subhransu and Kokkinos, Iasonas and Vedaldi, Andrea},
  journal={International Journal of Computer Vision},
  volume={118},
  number={1},
  pages={65--94},
  year={2016},
  publisher={Springer}
}

@inproceedings{cimpoi15,
  title={Deep filter banks for texture recognition and segmentation},
  author={Cimpoi, Mircea and Maji, Subhransu and Vedaldi, Andrea},
  booktitle={Proceedings of the IEEE Conference on Computer Vision and Pattern Recognition},
  pages={3828--3836},
  year={2015}
}

@inproceedings{cimpoi14,
  title={Describing textures in the wild},
  author={Cimpoi, Mircea and Maji, Subhransu and Kokkinos, Iasonas and Mohamed, Sammy and Vedaldi, Andrea},
  booktitle={Proceedings of the IEEE Conference on Computer Vision and Pattern Recognition},
  pages={3606--3613},
  year={2014}
}

@article{bell13,
  title={OpenSurfaces: A richly annotated catalog of surface appearance},
  author={Bell, Sean and Upchurch, Paul and Snavely, Noah and Bala, Kavita},
  journal={ACM Transactions on Graphics (TOG)},
  volume={32},
  number={4},
  pages={111},
  year={2013},
  publisher={ACM}
}

@inproceedings{bell15,
  title={Material recognition in the wild with the materials in context database},
  author={Bell, Sean and Upchurch, Paul and Snavely, Noah and Bala, Kavita},
  booktitle={Proceedings of the IEEE Conference on Computer Vision and Pattern Recognition},
  pages={3479--3487},
  year={2015}
}

	
@inproceedings{DeGol16,
  author    = {Joseph DeGol and Mani Golparvar-Fard and Derek Hoiem},
  title     = {Geometry-Informed Material Recognition},
  journal={IEEE Conference on Computer Vision and Pattern Recognition (CVPR)},
  year      = {2016}
}

@inproceedings{lin2015bilinear,
  title={Bilinear CNN models for fine-grained visual recognition},
  author={Lin, Tsung-Yu and RoyChowdhury, Aruni and Maji, Subhransu},
  booktitle={Proceedings of the IEEE International Conference on Computer Vision},
  pages={1449--1457},
  year={2015}
}

@article{lin2015visualizing,
  title={Visualizing and Understanding Deep Texture Representations},
  author={Lin, Tsung-Yu and Maji, Subhransu},
  journal={IEEE Conference on Computer Vision and Pattern Recognition (CVPR)},
  year={2015}
}

@inproceedings{li2016precomputed,
  title={Precomputed Real-Time Texture Synthesis with Markovian Generative Adversarial Networks},
  author={Li, Chuan and Wand, Michael},
  booktitle = {Proceedings of the European Conference on Computer Vision (ECCV)},
  year={2016}
}

@inproceedings{schwartz2015automatically,
  title={Automatically discovering local visual material attributes},
  author={Schwartz, Gabriel and Nishino, Ko},
  booktitle={Proceedings of the IEEE Conference on Computer Vision and Pattern Recognition},
  pages={3565--3573},
  year={2015}
}

@inproceedings{torch7,
  title={Torch7: A matlab-like environment for machine learning},
  author={Collobert, Ronan and Kavukcuoglu, Koray and Farabet, Cl{\'e}ment},
  booktitle={BigLearn, NIPS Workshop},
  number={EPFL-CONF-192376},
  year={2011}
}

@inproceedings{sydorov2014deep,
  title={Deep fisher kernels-end to end learning of the fisher kernel gmm parameters},
  author={Sydorov, Vladyslav and Sakurada, Mayu and Lampert, Christoph H},
  booktitle={Proceedings of the IEEE Conference on Computer Vision and Pattern Recognition},
  pages={1402--1409},
  year={2014}
}

@inproceedings{he2014spatial,
  title={Spatial pyramid pooling in deep convolutional networks for visual recognition},
  author={He, Kaiming and Zhang, Xiangyu and Ren, Shaoqing and Sun, Jian},
  booktitle={European Conference on Computer Vision},
  pages={346--361},
  year={2014},
  organization={Springer}
}

@article{he2015deep,
  title={Deep residual learning for image recognition},
  author={He, Kaiming and Zhang, Xiangyu and Ren, Shaoqing and Sun, Jian},
  journal={arXiv preprint arXiv:1512.03385},
  year={2015}
}

@inproceedings{jaderberg2015spatial,
  title={Spatial transformer networks},
  author={Jaderberg, Max and Simonyan, Karen and Zisserman, Andrew and others},
  booktitle={Advances in Neural Information Processing Systems},
  pages={2017--2025},
  year={2015}
}

@inproceedings{ren2015faster,
  title={Faster R-CNN: Towards real-time object detection with region proposal networks},
  author={Ren, Shaoqing and He, Kaiming and Girshick, Ross and Sun, Jian},
  booktitle={Advances in neural information processing systems},
  pages={91--99},
  year={2015}
}

@inproceedings{perronnin2010improving,
  title={Improving the fisher kernel for large-scale image classification},
  author={Perronnin, Florent and S{\'a}nchez, Jorge and Mensink, Thomas},
  booktitle={European conference on computer vision},
  pages={143--156},
  year={2010},
  organization={Springer}
}

@inproceedings{jegou2010aggregating,
  title={Aggregating local descriptors into a compact image representation},
  author={J{\'e}gou, Herv{\'e} and Douze, Matthijs and Schmid, Cordelia and P{\'e}rez, Patrick},
  booktitle={Computer Vision and Pattern Recognition (CVPR), 2010 IEEE Conference on},
  pages={3304--3311},
  year={2010},
  organization={IEEE}
}

@article{dana99,
  title={Reflectance and texture of real-world surfaces},
  author={Dana, Kristin J and Van Ginneken, Bram and Nayar, Shree K and Koenderink, Jan J},
  journal={ACM Transactions on Graphics (TOG)},
  volume={18},
  number={1},
  pages={1--34},
  year={1999},
  publisher={ACM}
}

@inproceedings{dana97,
  title={Reflectance and texture of real-world surfaces},
  author={Dana, Kristin J and Nayar, Shree K and Van Ginneken, Bram and Koenderink, Jan J},
  booktitle={Computer Vision and Pattern Recognition, 1997. Proceedings., 1997 IEEE Computer Society Conference on},
  pages={151--157},
  year={1997},
  organization={IEEE}
}

@inproceedings{efros1999texture,
  title={Texture synthesis by non-parametric sampling},
  author={Efros, Alexei A and Leung, Thomas K},
  booktitle={Computer Vision, 1999. The Proceedings of the Seventh IEEE International Conference on},
  volume={2},
  pages={1033--1038},
  year={1999},
  organization={IEEE}
}

@inproceedings{wei2000fast,
  title={Fast texture synthesis using tree-structured vector quantization},
  author={Wei, Li-Yi and Levoy, Marc},
  booktitle={Proceedings of the 27th annual conference on Computer graphics and interactive techniques},
  pages={479--488},
  year={2000},
  organization={ACM Press/Addison-Wesley Publishing Co.}
}

@article{leung2001representing,
  title={Representing and recognizing the visual appearance of materials using three-dimensional textons},
  author={Leung, Thomas and Malik, Jitendra},
  journal={International journal of computer vision},
  volume={43},
  number={1},
  pages={29--44},
  year={2001},
  publisher={Springer}
}

@inproceedings{joachims1998text,
  title={Text categorization with support vector machines: Learning with many relevant features},
  author={Joachims, Thorsten},
  booktitle={European conference on machine learning},
  pages={137--142},
  year={1998},
  organization={Springer}
}

@inproceedings{varma2002classifying,
  title={Classifying images of materials: Achieving viewpoint and illumination independence},
  author={Varma, Manik and Zisserman, Andrew},
  booktitle={European Conference on Computer Vision},
  pages={255--271},
  year={2002},
  organization={Springer}
}

@article{Cula01a,
	author="O. G. Cula and K. J. Dana",
	title="Recognition methods for 3D textured surfaces",
	journal="Proceedings of SPIE Conference on Human Vision and Electronic Imaging VI", 
	volume="4299",
	month="January",
	pages="209-220",
	year=2001}

@article{Cula01b,
	author="O. G. Cula and K. J. Dana",
	title="Compact representation of bidirectional texture functions",
	journal=cvpr,  
	volume=1,
	pages="1041-1067",
	month="December",
	year=2001}	  
    
@INPROCEEDINGS{Gemert08,
    author = {Jan C. van Gemert and Jan-Mark Geusebroek and Cor J. Veenman and Arnold W. M. Smeulders},
    title = { Kernel codebooks for scene categorization},
    booktitle = {ECCV 2008, PART III. LNCS},
    year = {2008},
    pages = {696--709},
    publisher = {Springer}
}


@inproceedings{zhou2014learning,
  title={Learning deep features for scene recognition using places database},
  author={Zhou, Bolei and Lapedriza, Agata and Xiao, Jianxiong and Torralba, Antonio and Oliva, Aude},
  booktitle={Advances in Neural Information Processing Systems},
  pages={487--495},
  year={2014}
}

@inproceedings{li2012recognizing,
  title={Recognizing materials from virtual examples},
  author={Li, Wenbin and Fritz, Mario},
  booktitle={European Conference on Computer Vision},
  pages={345--358},
  year={2012},
  organization={Springer}
}

@inproceedings{schwartz2013visual,
  title={Visual material traits: Recognizing per-pixel material context},
  author={Schwartz, Gabriel and Nishino, Ko},
  booktitle={Proceedings of the IEEE International Conference on Computer Vision Workshops},
  pages={883--890},
  year={2013}
}

@inproceedings{csurka2004visual,
  title={Visual categorization with bags of keypoints},
  author={Csurka, Gabriella and Dance, Christopher and Fan, Lixin and Willamowski, Jutta and Bray, C{\'e}dric},
  booktitle={Workshop on statistical learning in computer vision, ECCV},
  volume={1},
  number={1-22},
  pages={1--2},
  year={2004},
  organization={Prague}
}

@inproceedings{varma2003texture,
  title={Texture classification: Are filter banks necessary?},
  author={Varma, Manik and Zisserman, Andrew},
  booktitle={Computer vision and pattern recognition, 2003. Proceedings. 2003 IEEE computer society conference on},
  volume={2},
  pages={II--691},
  year={2003},
  organization={IEEE}
}

@article{julesz1981textons,
  title={Textons, the elements of texture perception, and their interactions},
  author={Julesz, Bela},
  journal={Nature},
  volume={290},
  number={5802},
  pages={91--97},
  year={1981}
}

@inproceedings{wang2010locality,
  title={Locality-constrained linear coding for image classification},
  author={Wang, Jinjun and Yang, Jianchao and Yu, Kai and Lv, Fengjun and Huang, Thomas and Gong, Yihong},
  booktitle={Computer Vision and Pattern Recognition (CVPR), 2010 IEEE Conference on},
  pages={3360--3367},
  year={2010},
  organization={IEEE}
}

@inproceedings{zhou2010image,
  title={Image classification using super-vector coding of local image descriptors},
  author={Zhou, Xi and Yu, Kai and Zhang, Tong and Huang, Thomas S},
  booktitle={European conference on computer vision},
  pages={141--154},
  year={2010},
  organization={Springer}
}

@article{geusebroek2003fast,
  title={Fast anisotropic gauss filtering},
  author={Geusebroek, J-M and Smeulders, Arnold WM and Van de Weijer, Joost},
  journal={IEEE Transactions on Image Processing},
  volume={12},
  number={8},
  pages={938--943},
  year={2003},
  publisher={IEEE}
}

@inproceedings{liu2014encoding,
  title={Encoding high dimensional local features by sparse coding based fisher vectors},
  author={Liu, Lingqiao and Shen, Chunhua and Wang, Lei and van den Hengel, Anton and Wang, Chao},
  booktitle={Advances in Neural Information Processing Systems},
  pages={1143--1151},
  year={2014}
}

@article{lloyd1982least,
  title={Least squares quantization in PCM},
  author={Lloyd, Stuart},
  journal={IEEE transactions on information theory},
  volume={28},
  number={2},
  pages={129--137},
  year={1982},
  publisher={IEEE}
}

@article{zhang2017mixup,
  title={mixup: Beyond empirical risk minimization},
  author={Zhang, Hongyi and Cisse, Moustapha and Dauphin, Yann N and Lopez-Paz, David},
  journal={arXiv preprint arXiv:1710.09412},
  year={2017}
}

@inproceedings{szegedy2017inception,
  title={Inception-v4, inception-resnet and the impact of residual connections on learning},
  author={Szegedy, Christian and Ioffe, Sergey and Vanhoucke, Vincent and Alemi, Alexander A},
  booktitle={Thirty-first AAAI conference on artificial intelligence},
  year={2017}
}

@inproceedings{ghiasi2018dropblock,
  title={Dropblock: A regularization method for convolutional networks},
  author={Ghiasi, Golnaz and Lin, Tsung-Yi and Le, Quoc V},
  booktitle={Advances in Neural Information Processing Systems},
  pages={10727--10737},
  year={2018}
}

@inproceedings{zhang2017polynet,
  title={Polynet: A pursuit of structural diversity in very deep networks},
  author={Zhang, Xingcheng and Li, Zhizhong and Change Loy, Chen and Lin, Dahua},
  booktitle={Proceedings of the IEEE Conference on Computer Vision and Pattern Recognition},
  pages={718--726},
  year={2017}
}

@inproceedings{szegedy2016rethinking,
  title={Rethinking the inception architecture for computer vision},
  author={Szegedy, Christian and Vanhoucke, Vincent and Ioffe, Sergey and Shlens, Jon and Wojna, Zbigniew},
  booktitle={Proceedings of the IEEE conference on computer vision and pattern recognition},
  pages={2818--2826},
  year={2016}
}

@article{lee2020compounding,
  title={Compounding the Performance Improvements of Assembled Techniques in a Convolutional Neural Network},
  author={Lee, Jungkyu and Won, Taeryun and Hong, Kiho},
  journal={arXiv preprint arXiv:2001.06268},
  year={2020}
}

@inproceedings{fang2017rmpe,
  title={Rmpe: Regional multi-person pose estimation},
  author={Fang, Hao-Shu and Xie, Shuqin and Tai, Yu-Wing and Lu, Cewu},
  booktitle={Proceedings of the IEEE International Conference on Computer Vision},
  pages={2334--2343},
  year={2017}
}

@inproceedings{xiao2018simple,
  title={Simple baselines for human pose estimation and tracking},
  author={Xiao, Bin and Wu, Haiping and Wei, Yichen},
  booktitle={Proceedings of the European conference on computer vision (ECCV)},
  pages={466--481},
  year={2018}
}

@inproceedings{wang2018non,
  title={Non-local neural networks},
  author={Wang, Xiaolong and Girshick, Ross and Gupta, Abhinav and He, Kaiming},
  booktitle={Proceedings of the IEEE conference on computer vision and pattern recognition},
  pages={7794--7803},
  year={2018}
}

@inproceedings{perronnin2007fisher,
  title={Fisher kernels on visual vocabularies for image categorization},
  author={Perronnin, Florent and Dance, Christopher},
  booktitle={2007 IEEE Conference on Computer Vision and Pattern Recognition},
  pages={1--8},
  year={2007},
  organization={IEEE}
}


@misc{efficientnet_github,
  title = {Tensorflow {E}fficientNet},
  howpublished = {\url{https://github.com/tensorflow/tpu/tree/master/models/official/efficientnet}},
  note = {Accessed: 2020-03-04}
}

@inproceedings{howard2019searching,
  title={Searching for mobilenetv3},
  author={Howard, Andrew and Sandler, Mark and Chu, Grace and Chen, Liang-Chieh and Chen, Bo and Tan, Mingxing and Wang, Weijun and Zhu, Yukun and Pang, Ruoming and Vasudevan, Vijay and others},
  booktitle={Proceedings of the IEEE International Conference on Computer Vision},
  pages={1314--1324},
  year={2019}
}

@inproceedings{mnasnet,
  title={Mnasnet: Platform-aware neural architecture search for mobile},
  author={Tan, Mingxing and Chen, Bo and Pang, Ruoming and Vasudevan, Vijay and Sandler, Mark and Howard, Andrew and Le, Quoc V},
  booktitle={Proceedings of the IEEE Conference on Computer Vision and Pattern Recognition},
  pages={2820--2828},
  year={2019}
}

@inproceedings{lim2019fast,
  title={Fast autoaugment},
  author={Lim, Sungbin and Kim, Ildoo and Kim, Taesup and Kim, Chiheon and Kim, Sungwoong},
  booktitle={Advances in Neural Information Processing Systems},
  pages={6662--6672},
  year={2019}
}

@inproceedings{nair2010rectified,
  title={Rectified linear units improve restricted boltzmann machines},
  author={Nair, Vinod and Hinton, Geoffrey E},
  booktitle={Proceedings of the 27th international conference on machine learning (ICML-10)},
  pages={807--814},
  year={2010}
}

@misc{autogluon,
  title = {AutoGluon {T}oolkit},
  howpublished = {\url{https://github.com/awslabs/autogluon}},
  note = {Accessed: 2020-03-1}
}

@article{scikit-learn,
 title={Scikit-learn: Machine Learning in {P}ython},
 author={Pedregosa, F. and Varoquaux, G. and Gramfort, A. and Michel, V.
         and Thirion, B. and Grisel, O. and Blondel, M. and Prettenhofer, P.
         and Weiss, R. and Dubourg, V. and Vanderplas, J. and Passos, A. and
         Cournapeau, D. and Brucher, M. and Perrot, M. and Duchesnay, E.},
 journal={Journal of Machine Learning Research},
 volume={12},
 pages={2825--2830},
 year={2011}
}

@inproceedings{cubuk2019autoaugment,
  title={Autoaugment: Learning augmentation strategies from data},
  author={Cubuk, Ekin D and Zoph, Barret and Mane, Dandelion and Vasudevan, Vijay and Le, Quoc V},
  booktitle={Proceedings of the IEEE conference on computer vision and pattern recognition},
  pages={113--123},
  year={2019}
}

@inproceedings{li2019sknet,
  title={Selective kernel networks},
  author={Li, Xiang and Wang, Wenhai and Hu, Xiaolin and Yang, Jian},
  booktitle={Proceedings of the IEEE conference on computer vision and pattern recognition},
  pages={510--519},
  year={2019}
}

@article{aharon2006img,
  title={< img src="/images/tex/484. gif" alt="$\backslash$ rm K">-SVD: An Algorithm for Designing Overcomplete Dictionaries for Sparse Representation},
  author={Aharon, Michal and Elad, Michael and Bruckstein, Alfred},
  journal={IEEE Transactions on signal processing},
  volume={54},
  number={11},
  pages={4311--4322},
  year={2006},
  publisher={IEEE}
}

@inproceedings{szegedy2015going,
  title={Going deeper with convolutions},
  author={Szegedy, Christian and Liu, Wei and Jia, Yangqing and Sermanet, Pierre and Reed, Scott and Anguelov, Dragomir and Erhan, Dumitru and Vanhoucke, Vincent and Rabinovich, Andrew},
  booktitle={Proceedings of the IEEE conference on computer vision and pattern recognition},
  pages={1--9},
  year={2015}
}

@article{lin2013network,
  title={Network in network},
  author={Lin, Min and Chen, Qiang and Yan, Shuicheng},
  journal={arXiv preprint arXiv:1312.4400},
  year={2013}
}

@inproceedings{gong2014multi,
  title={Multi-scale orderless pooling of deep convolutional activation features},
  author={Gong, Yunchao and Wang, Liwei and Guo, Ruiqi and Lazebnik, Svetlana},
  booktitle={European Conference on Computer Vision},
  pages={392--407},
  year={2014},
  organization={Springer}
}

@article{jegou2011product,
  title={Product quantization for nearest neighbor search},
  author={Jegou, Herve and Douze, Matthijs and Schmid, Cordelia},
  journal={IEEE transactions on pattern analysis and machine intelligence},
  volume={33},
  number={1},
  pages={117--128},
  year={2011},
  publisher={IEEE}
}

@article{lin2019dynamic,
  title={Dynamic Mini-batch SGD for Elastic Distributed Training: Learning in the Limbo of Resources},
  author={Lin, Haibin and Zhang, Hang and Ma, Yifei and He, Tong and Zhang, Zhi and Zha, Sheng and Li, Mu},
  journal={arXiv preprint arXiv:1904.12043},
  year={2019}
}

@phdthesis{li2017scaling,
  title={Scaling distributed machine learning with system and algorithm co-design},
  author={Li, Mu},
  year={2017},
  school={PhD thesis, Intel}
}

@article{hinton2015distilling,
  title={Distilling the knowledge in a neural network},
  author={Hinton, Geoffrey and Vinyals, Oriol and Dean, Jeff},
  journal={arXiv preprint arXiv:1503.02531},
  year={2015}
}

@article{lowe2004distinctive,
  title={Distinctive image features from scale-invariant keypoints},
  author={Lowe, David G},
  journal={International journal of computer vision},
  volume={60},
  number={2},
  pages={91--110},
  year={2004},
  publisher={Springer}
}

@inproceedings{liu2011defense,
  title={In defense of soft-assignment coding},
  author={Liu, Lingqiao and Wang, Lei and Liu, Xinwang},
  booktitle={2011 International Conference on Computer Vision},
  pages={2486--2493},
  year={2011},
  organization={IEEE}
}

@inproceedings{shotton2006textonboost,
  title={Textonboost: Joint appearance, shape and context modeling for multi-class object recognition and segmentation},
  author={Shotton, Jamie and Winn, John and Rother, Carsten and Criminisi, Antonio},
  booktitle={European conference on computer vision},
  pages={1--15},
  year={2006},
  organization={Springer}
}

@book{everitt1981finite,
  title={Finite mixture distributions},
  author={Everitt, Brian S},
  year={1981},
  publisher={Wiley Online Library}
}

@inproceedings{dosovitskiy2014discriminative,
  title={Discriminative unsupervised feature learning with convolutional neural networks},
  author={Dosovitskiy, Alexey and Springenberg, Jost Tobias and Riedmiller, Martin and Brox, Thomas},
  booktitle={Advances in Neural Information Processing Systems},
  pages={766--774},
  year={2014}
}

@article{zhao2015stacked,
  title={Stacked what-where auto-encoders},
  author={Zhao, Junbo and Mathieu, Michael and Goroshin, Ross and Lecun, Yann},
  journal={arXiv preprint arXiv:1506.02351},
  year={2015}
}

@article{cifar,
  title={Learning multiple layers of features from tiny images},
  author={Krizhevsky, Alex and Hinton, Geoffrey},
  journal ={University of Toronto, Technical Report},
  year={2009},
  publisher={Citeseer}
}

@article{coates2010analysis,
  title={An analysis of single-layer networks in unsupervised feature learning},
  author={Coates, Adam and Lee, Honglak and Ng, Andrew Y},
  journal={Ann Arbor},
  volume={1001},
  number={48109},
  pages={2},
  year={2010}
}

@inproceedings{imagenet,
        AUTHOR = {Deng, J. and Dong, W. and Socher, R. and Li, L.-J. and Li, K. and Fei-Fei, L.},
        TITLE = {{ImageNet: A Large-Scale Hierarchical Image Database}},
        BOOKTITLE = {CVPR09},
        YEAR = {2009},
        BIBSOURCE = "http://www.image-net.org/papers/imagenet_cvpr09.bib"}

@inproceedings{xiao2010sun,
  title={Sun database: Large-scale scene recognition from abbey to zoo},
  author={Xiao, Jianxiong and Hays, James and Ehinger, Krista A and Oliva, Aude and Torralba, Antonio},
  booktitle={Computer vision and pattern recognition (CVPR), 2010 IEEE conference on},
  pages={3485--3492},
  year={2010},
  organization={IEEE}
}


@article{yu2015lsun,
  title={Lsun: Construction of a large-scale image dataset using deep learning with humans in the loop},
  author={Yu, Fisher and Seff, Ari and Zhang, Yinda and Song, Shuran and Funkhouser, Thomas and Xiao, Jianxiong},
  journal={arXiv preprint arXiv:1506.03365},
  year={2015}
}

@misc{pascal-voc-2007,
	author = "Everingham, M. and Van~Gool, L. and Williams, C. K. I. and Winn, J. and Zisserman, A.",
	title = "The {PASCAL} {V}isual {O}bject {C}lasses {C}hallenge 2007 {(VOC2007)} {R}esults",
	howpublished = "http://www.pascal-network.org/challenges/VOC/voc2007/workshop/index.html"}
    
@article{efficientnet,
  title={Efficientnet: Rethinking model scaling for convolutional neural networks},
  author={Tan, Mingxing and Le, Quoc V},
  journal={arXiv preprint arXiv:1905.11946},
  year={2019}
}

@article{zhang2019making,
  title={Making convolutional networks shift-invariant again},
  author={Zhang, Richard},
  journal={arXiv preprint arXiv:1904.11486},
  year={2019}
}

@inproceedings{amoebanet,
  title={Regularized evolution for image classifier architecture search},
  author={Real, Esteban and Aggarwal, Alok and Huang, Yanping and Le, Quoc V},
  booktitle={Proceedings of the aaai conference on artificial intelligence},
  volume={33},
  pages={4780--4789},
  year={2019}
}

@inproceedings{cai2018cascade,
  title={Cascade r-cnn: Delving into high quality object detection},
  author={Cai, Zhaowei and Vasconcelos, Nuno},
  booktitle={Proceedings of the IEEE conference on computer vision and pattern recognition},
  pages={6154--6162},
  year={2018}
}

@article{yuan2019object,
  title={Object-Contextual Representations for Semantic Segmentation},
  author={Yuan, Yuhui and Chen, Xilin and Wang, Jingdong},
  journal={arXiv preprint arXiv:1909.11065},
  year={2019}
}

@inproceedings{fu2019adaptive,
  title={Adaptive context network for scene parsing},
  author={Fu, Jun and Liu, Jing and Wang, Yuhang and Li, Yong and Bao, Yongjun and Tang, Jinhui and Lu, Hanqing},
  booktitle={Proceedings of the IEEE international conference on computer vision},
  pages={6748--6757},
  year={2019}
}

@inproceedings{sknet,
  title={Selective kernel networks},
  author={Li, Xiang and Wang, Wenhai and Hu, Xiaolin and Yang, Jian},
  booktitle={Proceedings of the IEEE conference on computer vision and pattern recognition},
  pages={510--519},
  year={2019}
}

@inproceedings{collobert2008unified,
  title={A unified architecture for natural language processing: Deep neural networks with multitask learning},
  author={Collobert, Ronan and Weston, Jason},
  booktitle={Proceedings of the 25th international conference on Machine learning},
  pages={160--167},
  year={2008},
  organization={ACM}
}

@article{he2016identity,
  title={Identity mappings in deep residual networks},
  author={He, Kaiming and Zhang, Xiangyu and Ren, Shaoqing and Sun, Jian},
  journal={arXiv preprint arXiv:1603.05027},
  year={2016}
}

@inproceedings{simonyan2014two,
  title={Two-stream convolutional networks for action recognition in videos},
  author={Simonyan, Karen and Zisserman, Andrew},
  booktitle={Advances in Neural Information Processing Systems},
  pages={568--576},
  year={2014}
}

@inproceedings{quattoni2009recognizing,
  title={Recognizing indoor scenes},
  author={Quattoni, Ariadna and Torralba, Antonio},
  booktitle={Computer Vision and Pattern Recognition, 2009. CVPR 2009. IEEE Conference on},
  pages={413--420},
  year={2009},
  organization={IEEE}
}

@article{sharan13,
  title={Recognizing materials using perceptually inspired features},
  author={Sharan, Lavanya and Liu, Ce and Rosenholtz, Ruth and Adelson, Edward H},
  journal={International journal of computer vision},
  volume={103},
  number={3},
  pages={348--371},
  year={2013},
  publisher={Springer}
}

@inproceedings{caputo2005class,
  title={Class-specific material categorisation},
  author={Caputo, Barbara and Hayman, Eric and Mallikarjuna, P},
  booktitle={Computer Vision, 2005. ICCV 2005. Tenth IEEE International Conference on},
  volume={2},
  pages={1597--1604},
  year={2005},
  organization={IEEE}
}

@InProceedings{xue16,
title     = {Differential Angular Imaging for material Recognition},
author    = {Jia Xue and Hang Zhang and Kristin Dana and Ko Nishino},
booktitle = {IEEE Conference on Computer Vision and Pattern Recognition (CVPR)},
year      = {2017}} 
  
@inproceedings{krizhevsky2012imagenet,
  title={Imagenet classification with deep convolutional neural networks},
  author={Krizhevsky, Alex and Sutskever, Ilya and Hinton, Geoffrey E},
  booktitle={Advances in neural information processing systems},
  pages={1097--1105},
  year={2012}
}

@inproceedings{wang2016dataset,
   title={A {4D} light-field dataset and {CNN} 
   architectures for material recognition},
   author={Wang, Ting-Chun and Zhu, Jun-Yan 
   and Hiroaki, Ebi and Chandraker, Manmohan 
   and Efros, Alexei and Ramamoorthi, Ravi},
   booktitle={Proceedings of European Conference on 
   Computer Vision (ECCV)},
   year={2016}
}

@article{simonyan2014very,
  title={Very deep convolutional networks for large-scale image recognition},
  author={Simonyan, Karen and Zisserman, Andrew},
  journal={arXiv preprint arXiv:1409.1556},
  year={2014}
}

@article{fei2007learning,
  title={Learning generative visual models from few training examples: An incremental bayesian approach tested on 101 object categories},
  author={Fei-Fei, Li and Fergus, Rob and Perona, Pietro},
  journal={Computer Vision and Image Understanding},
  volume={106},
  number={1},
  pages={59--70},
  year={2007},
  publisher={Elsevier}
}

@inproceedings{sivic2005discovering,
  title={Discovering objects and their location in images},
  author={Sivic, Josef and Russell, Bryan C and Efros, Alexei A and Zisserman, Andrew and Freeman, William T},
  booktitle={Tenth IEEE International Conference on Computer Vision (ICCV'05) Volume 1},
  volume={1},
  pages={370--377},
  year={2005},
  organization={IEEE}
}

@inproceedings{fei2005bayesian,
  title={A bayesian hierarchical model for learning natural scene categories},
  author={Fei-Fei, Li and Perona, Pietro},
  booktitle={2005 IEEE Computer Society Conference on Computer Vision and Pattern Recognition (CVPR'05)},
  volume={2},
  pages={524--531},
  year={2005},
  organization={IEEE}
}

@article{sun2017supervised,
  title={Supervised Multilayer Sparse Coding Networks for Image Classification},
  author={Sun, Xiaoxia and Nasrabadi, Nasser M and Tran, Trac D},
  journal={arXiv preprint arXiv:1701.08349},
  year={2017}
}

@inproceedings{long2015fully,
  title={Fully convolutional networks for semantic segmentation},
  author={Long, Jonathan and Shelhamer, Evan and Darrell, Trevor},
  booktitle={Proceedings of the IEEE Conference on Computer Vision and Pattern Recognition},
  pages={3431--3440},
  year={2015}
}

@article{hu2017squeeze,
  title={Squeeze-and-Excitation Networks},
  author={Hu, Jie and Shen, Li and Sun, Gang},
  journal={arXiv preprint arXiv:1709.01507},
  year={2017}
}

@inproceedings{huang2017adain,
  title={Arbitrary Style Transfer in Real-time with Adaptive Instance Normalization},
  author={Huang, Xun and Belongie, Serge},
  booktitle={ICCV},
  year={2017}
}

@article{dumoulin2016learned,
  title={A learned representation for artistic style},
  author={Dumoulin, Vincent and Shlens, Jonathon and Kudlur, Manjunath and Behboodi, Arash and Lemic, Filip and Wolisz, Adam and Molinaro, Marco and Hirche, Christoph and Hayashi, Masahito and Bagan, Emilio and others},
  journal={arXiv preprint arXiv:1610.07629},
  year={2016}
}

@inproceedings{perronnin2015fisher,
  title={Fisher vectors meet neural networks: A hybrid classification architecture},
  author={Perronnin, Florent and Larlus, Diane},
  booktitle={Proceedings of the IEEE conference on computer vision and pattern recognition},
  pages={3743--3752},
  year={2015}
}

@article{xie2016aggregated,
  title={Aggregated residual transformations for deep neural networks},
  author={Xie, Saining and Girshick, Ross and Doll{\'a}r, Piotr and Tu, Zhuowen and He, Kaiming},
  journal={arXiv preprint arXiv:1611.05431},
  year={2016}
}

@inproceedings{he2015delving,
  title={Delving deep into rectifiers: Surpassing human-level performance on imagenet classification},
  author={He, Kaiming and Zhang, Xiangyu and Ren, Shaoqing and Sun, Jian},
  booktitle={Proceedings of the IEEE international conference on computer vision},
  pages={1026--1034},
  year={2015}
}

@article{pytorch,
  title={Automatic differentiation in PyTorch},
  author={Paszke, Adam and Gross, Sam and Chintala, Soumith and Chanan, Gregory and Yang, Edward and DeVito, Zachary and Lin, Zeming and Desmaison, Alban and Antiga, Luca and Lerer, Adam},
  year={2017}
}

@article{liu2015parsenet,
  title={Parsenet: Looking wider to see better},
  author={Liu, Wei and Rabinovich, Andrew and Berg, Alexander C},
  journal={arXiv preprint arXiv:1506.04579},
  year={2015}
}

@article{everingham2010pascal,
  title={The pascal visual object classes (voc) challenge},
  author={Everingham, Mark and Van Gool, Luc and Williams, Christopher KI and Winn, John and Zisserman, Andrew},
  journal={International journal of computer vision},
  volume={88},
  number={2},
  pages={303--338},
  year={2010},
  publisher={Springer}
}

@inproceedings{dai2015boxsup,
  title={Boxsup: Exploiting bounding boxes to supervise convolutional networks for semantic segmentation},
  author={Dai, Jifeng and He, Kaiming and Sun, Jian},
  booktitle={Proceedings of the IEEE International Conference on Computer Vision},
  pages={1635--1643},
  year={2015}
}

@inproceedings{hariharan2015hypercolumns,
  title={Hypercolumns for object segmentation and fine-grained localization},
  author={Hariharan, Bharath and Arbel{\'a}ez, Pablo and Girshick, Ross and Malik, Jitendra},
  booktitle={Proceedings of the IEEE Conference on Computer Vision and Pattern Recognition},
  pages={447--456},
  year={2015}
}

@article{wu2016wider,
  title={Wider or deeper: Revisiting the resnet model for visual recognition},
  author={Wu, Zifeng and Shen, Chunhua and Hengel, Anton van den},
  journal={arXiv preprint arXiv:1611.10080},
  year={2016}
}

@inproceedings{zheng2015conditional,
  title={Conditional random fields as recurrent neural networks},
  author={Zheng, Shuai and Jayasumana, Sadeep and Romera-Paredes, Bernardino and Vineet, Vibhav and Su, Zhizhong and Du, Dalong and Huang, Chang and Torr, Philip HS},
  booktitle={Proceedings of the IEEE International Conference on Computer Vision},
  pages={1529--1537},
  year={2015}
}

@inproceedings{noh2015learning,
  title={Learning deconvolution network for semantic segmentation},
  author={Noh, Hyeonwoo and Hong, Seunghoon and Han, Bohyung},
  booktitle={Proceedings of the IEEE International Conference on Computer Vision},
  pages={1520--1528},
  year={2015}
}

@inproceedings{vemulapalli2016gaussian,
  title={Gaussian conditional random field network for semantic segmentation},
  author={Vemulapalli, Raviteja and Tuzel, Oncel and Liu, Ming-Yu and Chellapa, Rama},
  booktitle={Proceedings of the IEEE Conference on Computer Vision and Pattern Recognition},
  pages={3224--3233},
  year={2016}
}

@inproceedings{liu2015semantic,
  title={Semantic image segmentation via deep parsing network},
  author={Liu, Ziwei and Li, Xiaoxiao and Luo, Ping and Loy, Chen-Change and Tang, Xiaoou},
  booktitle={Proceedings of the IEEE International Conference on Computer Vision},
  pages={1377--1385},
  year={2015}
}

@inproceedings{lin2016efficient,
  title={Efficient piecewise training of deep structured models for semantic segmentation},
  author={Lin, Guosheng and Shen, Chunhua and van den Hengel, Anton and Reid, Ian},
  booktitle={Proceedings of the IEEE Conference on Computer Vision and Pattern Recognition},
  pages={3194--3203},
  year={2016}
}

@article{xiao2018unified,
  title={Unified Perceptual Parsing for Scene Understanding},
  author={Xiao, Tete and Liu, Yingcheng and Zhou, Bolei and Jiang, Yuning and Sun, Jian},
  journal={arXiv preprint arXiv:1807.10221},
  year={2018}
}

@inproceedings{liang2018dynamic,
  title={Dynamic-structured Semantic Propagation Network},
  author={Liang, Xiaodan and Zhou, Hongfei and Xing, Eric},
  booktitle={Proceedings of the IEEE Conference on Computer Vision and Pattern Recognition},
  pages={752--761},
  year={2018}
}

@inproceedings{zhang2017scale,
  title={Scale-adaptive convolutions for scene parsing},
  author={Zhang, Rui and Tang, Sheng and Zhang, Yongdong and Li, Jintao and Yan, Shuicheng},
  booktitle={Proc. 26th Int. Conf. Comput. Vis.},
  pages={2031--2039},
  year={2017}
}

@article{yang2017breaking,
  title={Breaking the softmax bottleneck: A high-rank RNN language model},
  author={Yang, Zhilin and Dai, Zihang and Salakhutdinov, Ruslan and Cohen, William W},
  journal={arXiv preprint arXiv:1711.03953},
  year={2017}
}

@article{pohlen2017fullresolution,
  title={Fullresolution residual networks for semantic segmentation in street scenes},
  author={Pohlen, Tobias and Hermans, Alexander and Mathias, Markus and Leibe, Bastian},
  journal={arXiv preprint},
  year={2017}
}

@article{dumoulin2016guide,
  title={A guide to convolution arithmetic for deep learning},
  author={Dumoulin, Vincent and Visin, Francesco},
  journal={arXiv preprint arXiv:1603.07285},
  year={2016}
}

@article{bojanowski2016enriching,
  title={Enriching word vectors with subword information},
  author={Bojanowski, Piotr and Grave, Edouard and Joulin, Armand and Mikolov, Tomas},
  journal={arXiv preprint arXiv:1607.04606},
  year={2016}
}

@inproceedings{mikolov2013distributed,
  title={Distributed representations of words and phrases and their compositionality},
  author={Mikolov, Tomas and Sutskever, Ilya and Chen, Kai and Corrado, Greg S and Dean, Jeff},
  booktitle={Advances in neural information processing systems},
  pages={3111--3119},
  year={2013}
}

@article{mikolov2013efficient,
  title={Efficient estimation of word representations in vector space},
  author={Mikolov, Tomas and Chen, Kai and Corrado, Greg and Dean, Jeffrey},
  journal={arXiv preprint arXiv:1301.3781},
  year={2013}
}


@article{parikh2016decomposable,
  title={A decomposable attention model for natural language inference},
  author={Parikh, Ankur P and T{\"a}ckstr{\"o}m, Oscar and Das, Dipanjan and Uszkoreit, Jakob},
  journal={arXiv preprint arXiv:1606.01933},
  year={2016}
}

@inproceedings{ronneberger2015u,
  title={U-net: Convolutional networks for biomedical image segmentation},
  author={Ronneberger, Olaf and Fischer, Philipp and Brox, Thomas},
  booktitle={International Conference on Medical image computing and computer-assisted intervention},
  pages={234--241},
  year={2015},
  organization={Springer}
}

@inproceedings{buades2005non,
  title={A non-local algorithm for image denoising},
  author={Buades, Antoni and Coll, Bartomeu and Morel, J-M},
  booktitle={Computer Vision and Pattern Recognition, 2005. CVPR 2005. IEEE Computer Society Conference on},
  volume={2},
  pages={60--65},
  year={2005},
  organization={IEEE}
}

@inproceedings{ding2018context,
  title={Context contrasted feature and gated multi-scale aggregation for scene segmentation},
  author={Ding, Henghui and Jiang, Xudong and Shuai, Bing and Liu, Ai Qun and Wang, Gang},
  booktitle={Proceedings of the IEEE Conference on Computer Vision and Pattern Recognition},
  pages={2393--2402},
  year={2018}
}

@inproceedings{lin2016refinenet,
	title = {Refine{N}et: {M}ulti-Path Refinement Networks for High-Resolution Semantic Segmentation},
	shorttitle = {RefineNet: Multi-Path Refinement Networks},
	booktitle = {CVPR},
	author = {Lin, G. and Milan, A. and Shen, C. and Reid, I.},
	month = jul,
	year = {2017}
}

@article{zagoruyko2016wide,
  title={Wide residual networks},
  author={Zagoruyko, Sergey and Komodakis, Nikos},
  journal={arXiv preprint arXiv:1605.07146},
  year={2016}
}

@inproceedings{kang2016shakeout,
  title={Shakeout: A New Regularized Deep Neural Network Training Scheme.},
  author={Kang, Guoliang and Li, Jun and Tao, Dacheng},
  booktitle={AAAI},
  pages={1751--1757},
  year={2016}
}

@article{srivastava2014dropout,
  title={Dropout: a simple way to prevent neural networks from overfitting.},
  author={Srivastava, Nitish and Hinton, Geoffrey E and Krizhevsky, Alex and Sutskever, Ilya and Salakhutdinov, Ruslan},
  journal={Journal of machine learning research},
  volume={15},
  number={1},
  pages={1929--1958},
  year={2014}
}

@article{hariharan2011semantic,
  title={Semantic contours from inverse detectors},
  author={Hariharan, Bharath and Arbel{\'a}ez, Pablo and Bourdev, Lubomir and Maji, Subhransu and Malik, Jitendra},
  year={2011},
  publisher={IEEE}
}

@article{Xie2018bags,
  title={Bag of Tricks to Train Convolutional Neural Networks for Image Classification},
  author={Tong He and Zhi Zhang and Hang Zhang and Zhongyue Zhang and Junyuan Xie and Mu Li},
  journal={arXiv preprint arXiv:1812.01187},
  year={2018}
}

@article{bulo2017place,
  title={In-place activated batchnorm for memory-optimized training of DNNs},
  author={Bul{\`o}, Samuel Rota and Porzi, Lorenzo and Kontschieder, Peter},
  journal={CoRR, abs/1712.02616, December},
  volume={5},
  year={2017}
}


@article{torralba2003contextual,
  title={Contextual priming for object detection},
  author={Torralba, Antonio},
  journal={International journal of computer vision},
  volume={53},
  number={2},
  pages={169--191},
  year={2003},
  publisher={Springer}
}

@article{shotton2009textonboost,
  title={Textonboost for image understanding: Multi-class object recognition and segmentation by jointly modeling texture, layout, and context},
  author={Shotton, Jamie and Winn, John and Rother, Carsten and Criminisi, Antonio},
  journal={International Journal of Computer Vision},
  volume={81},
  number={1},
  pages={2--23},
  year={2009},
  publisher={Springer}
}

@inproceedings{rabinovich2007objects,
  title={Objects in context},
  author={Rabinovich, Andrew and Vedaldi, Andrea and Galleguillos, Carolina and Wiewiora, Eric and Belongie, Serge},
  booktitle={Computer vision, 2007. ICCV 2007. IEEE 11th international conference on},
  pages={1--8},
  year={2007},
  organization={IEEE}
}

@article{zhou2014object,
  title={Object detectors emerge in deep scene cnns},
  author={Zhou, Bolei and Khosla, Aditya and Lapedriza, Agata and Oliva, Aude and Torralba, Antonio},
  journal={arXiv preprint arXiv:1412.6856},
  year={2014}
}

@inproceedings{arnab2016higher,
  title={Higher order conditional random fields in deep neural networks},
  author={Arnab, Anurag and Jayasumana, Sadeep and Zheng, Shuai and Torr, Philip HS},
  booktitle={European Conference on Computer Vision},
  pages={524--540},
  year={2016},
  organization={Springer}
}


@article{wu2016bridging,
  title={Bridging category-level and instance-level semantic image segmentation},
  author={Wu, Zifeng and Shen, Chunhua and Hengel, Anton van den},
  journal={arXiv preprint arXiv:1605.06885},
  year={2016}
}

@article{goyal2017accurate,
  title={Accurate, large minibatch sgd: Training imagenet in 1 hour},
  author={Goyal, Priya and Doll{\'a}r, Piotr and Girshick, Ross and Noordhuis, Pieter and Wesolowski, Lukasz and Kyrola, Aapo and Tulloch, Andrew and Jia, Yangqing and He, Kaiming},
  journal={arXiv preprint arXiv:1706.02677},
  year={2017}
}

@inproceedings{girshick2014rich,
  title={Rich feature hierarchies for accurate object detection and semantic segmentation},
  author={Girshick, Ross and Donahue, Jeff and Darrell, Trevor and Malik, Jitendra},
  booktitle={Proceedings of the IEEE conference on computer vision and pattern recognition},
  pages={580--587},
  year={2014}
}

@inproceedings{hariharan2014simultaneous,
  title={Simultaneous detection and segmentation},
  author={Hariharan, Bharath and Arbel{\'a}ez, Pablo and Girshick, Ross and Malik, Jitendra},
  booktitle={European Conference on Computer Vision},
  pages={297--312},
  year={2014},
  organization={Springer}
}

@article{badrinarayanan2015segnet,
  title={Segnet: A deep convolutional encoder-decoder architecture for image segmentation},
  author={Badrinarayanan, Vijay and Kendall, Alex and Cipolla, Roberto},
  journal={arXiv preprint arXiv:1511.00561},
  year={2015}
}


@inproceedings{zhou2017scene,
  title={Scene parsing through ade20k dataset},
  author={Zhou, Bolei and Zhao, Hang and Puig, Xavier and Fidler, Sanja and Barriuso, Adela and Torralba, Antonio},
  booktitle={Proc. CVPR},
  year={2017}
}

@inproceedings{mottaghi2014role,
  title={The role of context for object detection and semantic segmentation in the wild},
  author={Mottaghi, Roozbeh and Chen, Xianjie and Liu, Xiaobai and Cho, Nam-Gyu and Lee, Seong-Whan and Fidler, Sanja and Urtasun, Raquel and Yuille, Alan},
  booktitle={Proceedings of the IEEE Conference on Computer Vision and Pattern Recognition},
  pages={891--898},
  year={2014}
}

@inproceedings{touvron2019fixing,
  title={Fixing the train-test resolution discrepancy},
  author={Touvron, Hugo and Vedaldi, Andrea and Douze, Matthijs and J{\'e}gou, Herv{\'e}},
  booktitle={Advances in Neural Information Processing Systems},
  pages={8250--8260},
  year={2019}
}

@inproceedings{luo2017deep,
  title={Deep Dual Learning for Semantic Image Segmentation},
  author={Luo, Ping and Wang, Guangrun and Lin, Liang and Wang, Xiaogang},
  booktitle={Proceedings of the IEEE Conference on Computer Vision and Pattern Recognition},
  pages={2718--2726},
  year={2017}
}

@inproceedings{wang2017learning,
  title={Learning object interactions and descriptions for semantic image segmentation},
  author={Wang, Guangrun and Luo, Ping and Lin, Liang and Wang, Xiaogang},
  booktitle={Proceedings of the IEEE Conference on Computer Vision and Pattern Recognition},
  pages={5859--5867},
  year={2017}
}

@inproceedings{he2019bag,
  title={Bag of tricks for image classification with convolutional neural networks},
  author={He, Tong and Zhang, Zhi and Zhang, Hang and Zhang, Zhongyue and Xie, Junyuan and Li, Mu},
  booktitle={Proceedings of the IEEE Conference on Computer Vision and Pattern Recognition},
  pages={558--567},
  year={2019}
}

@article{schwartz2016material,
  title={Material Recognition from Local Appearance in Global Context},
  author={Schwartz, Gabriel and Nishino, Ko},
  journal={arXiv preprint arXiv:1611.09394},
  year={2016}
}

@inproceedings{zhang2019co,
  title={Co-occurrent features in semantic segmentation},
  author={Zhang, Hang and Zhang, Han and Wang, Chenguang and Xie, Junyuan},
  booktitle={Proceedings of the IEEE Conference on Computer Vision and Pattern Recognition},
  pages={548--557},
  year={2019}
}

@article{he2017mask,
  title={Mask r-cnn},
  author={He, Kaiming and Gkioxari, Georgia and Doll{\'a}r, Piotr and Girshick, Ross},
  journal={arXiv preprint arXiv:1703.06870},
  year={2017}
}

@article{howard2017mobilenets,
  title={Mobilenets: Efficient convolutional neural networks for mobile vision applications},
  author={Howard, Andrew G and Zhu, Menglong and Chen, Bo and Kalenichenko, Dmitry and Wang, Weijun and Weyand, Tobias and Andreetto, Marco and Adam, Hartwig},
  journal={arXiv preprint arXiv:1704.04861},
  year={2017}
}


@article{chen2015mxnet,
  title={Mxnet: A flexible and efficient machine learning library for heterogeneous distributed systems},
  author={Chen, Tianqi and Li, Mu and Li, Yutian and Lin, Min and Wang, Naiyan and Wang, Minjie and Xiao, Tianjun and Xu, Bing and Zhang, Chiyuan and Zhang, Zheng},
  journal={arXiv preprint arXiv:1512.01274},
  year={2015}
}

@InProceedings{liu2018path,
  title={Path Aggregation Network for Instance Segmentation},
  author={Liu, Shu and Qi, Lu and Qin, Haifang and Shi, Jianping and Jia, Jiaya},
  booktitle = {The IEEE Conference on Computer Vision and Pattern Recognition (CVPR)},
  year={2018}
}

@InProceedings{peng2017megdet,
  title={MegDet: A Large Mini-Batch Object Detector},
  author={Peng, Chao and Xiao, Tete and Li, Zeming and Jiang, Yuning and Zhang, Xiangyu and Jia, Kai and Yu, Gang and Sun, Jian},
  booktitle = {The IEEE Conference on Computer Vision and Pattern Recognition (CVPR)},
  year={2018}
}

@article{harris1954distributional,
  title={Distributional structure},
  author={Harris, Zellig S},
  journal={Word},
  volume={10},
  number={2-3},
  pages={146--162},
  year={1954},
}

@article{guo2020gluoncv,
  title={Gluoncv and gluonnlp: Deep learning in computer vision and natural language processing},
  author={Guo, Jian and He, He and He, Tong and Lausen, Leonard and Li, Mu and Lin, Haibin and Shi, Xingjian and Wang, Chenguang and Xie, Junyuan and Zha, Sheng and others},
  journal={Journal of Machine Learning Research},
  volume={21},
  number={23},
  pages={1--7},
  year={2020}
}

@inproceedings{zhao2018psanet,
  title={{PSANet: Point-wise Spatial Attention Network for Scene Parsing}},
  author={Zhao, Hengshuang and Zhang, Yi and Liu, Shu and Shi, Jianping and Loy, Chen Change and Lin, Dahua and Jia, Jiaya},
  booktitle={European Conference on Computer Vision (ECCV)},
  year={2018}
}

@inproceedings{Ke2018AAF,
  title={{Adaptive Affinity Fields for Semantic Segmentation}},
  author={Tsung-Wei Ke and Jyh-Jing Hwang and Ziwei Liu and Stella X. Yu},
  booktitle={European Conference on Computer Vision (ECCV)},
  year={2018}
}

@article{Fu2018DANet,
  title={{Dual Attention Network for Scene Segmentation}},
  author={Jun Fu and Jing Liu and Haijie Tian and Yong Li and Yongjun Bao and Zhiwei Fang and Hanqing Lu},
  booktitle={IEEE Conference on Computer Vision and Pattern Recognition (CVPR)},
  year={2019}
}
